@book{Wettl04,
  author    = {Ferenc Wettl and Gyula Mayer and Péter Szabó},
  publisher = {Panem Könyvkiadó},
  title     = {\LaTeX~kézikönyv},
  year      = {2004},
}

@article{Candy86,
  author       = {James C. Candy},
  journaltitle = {{IEEE} Trans.\ on Communications},
  month        = {01},
  note         = {\doi{10.1109/TCOM.1986.1096432}},
  number       = {1},
  pages        = {72--76},
  title        = {Decimation for Sigma Delta Modulation},
  volume       = {34},
  year         = {1986},
}

@inproceedings{Lee87,
  author    = {Wai L. Lee and Charles G. Sodini},
  booktitle = {Proc.\ of the IEEE International Symposium on Circuits and Systems},
  location  = {Philadelphia, PA, USA},
  month     = {05~4--7},
  pages     = {459--462},
  title     = {A Topology for Higher Order Interpolative Coders},
  vol       = {2},
  year      = {1987},
}

@thesis{KissPhD,
  author      = {Peter Kiss},
  institution = {Technical University of Timi\c{s}oara, Romania},
  month       = {04},
  title       = {Adaptive Digital Compensation of Analog Circuit Imperfections for Cascaded Delta-Sigma Analog-to-Digital Converters},
  type        = {phdthesis},
  year        = {2000},
}

@manual{Schreier00,
  author       = {Richard Schreier},
  month        = {01},
  note         = {\url{http://www.mathworks.com/matlabcentral/fileexchange/}},
  organization = {Oregon State University},
  title        = {The Delta-Sigma Toolbox v5.2},
  year         = {2000},
}

@misc{DipPortal,
  author       = {{Budapesti Műszaki és Gazdaságtudományi Egyetem Villamosmérnöki és Informatikai Kar}},
  howpublished = {\url{http://diplomaterv.vik.bme.hu/}},
  title        = {Diplomaterv portál (2011. február 26.)},
}

@incollection{Mkrtychev:1997,
  author    = {Mkrtychev, Alexey},
  booktitle = {Logical Foundations of Computer Science},
  doi       = {10.1007/3-540-63045-7_27},
  editor    = {Adian, Sergei and Nerode, Anil},
  isbn      = {978-3-540-63045-6},
  pages     = {266-275},
  publisher = {Springer Berlin Heidelberg},
  series    = {Lecture Notes in Computer Science},
  title     = {Models for the logic of proofs},
  url       = {http://dx.doi.org/10.1007/3-540-63045-7_27},
  volume    = {1234},
  year      = {1997},
}

@report{Jeney,
  author      = {Jeney, Gábor},
  institution = {Budapesti Műszaki és Gazdaságtudományi Egyetem, Híradástechnikai Tanszék},
  location    = {Budapest},
  note        = {\url{http://www.mcl.hu/~jeneyg/kinezet.pdf}},
  title       = {Hogyan néz ki egy igényes dokumentum? {N}éhány szóban az alapvető tipográfiai szabályokról},
  type        = {techreport},
  year        = {2014},
}


@misc{SiLabs,
    howpublished    = {\url{https://www.silabs.com/}},
    author          = {{Silicon Laboratories}},
    title           = {Honlap}
}

@misc{Altium,
    howpublished    = {\url{https://www.altium.com/altium-designer/}},
    title           = {{Altium Designer NyHL tervező}},
    author          = {Altium Limited},
}

@misc{OrCAD,
    howpublished    = {\url{https://www.orcad.com/}},
    title           = {{OrCAD kapcsolási rajz tervező}},
    author          = {{Cadence Design Systems, Inc.}},
}

@misc{KiCAD,
    howpublished    = {\url{https://www.kicad.org/}},
    title           = {{KiCad NyHL tervező}},
    author          = {{KiCad}},
}

@misc{FSV,
    howpublished    = {\url{https://www.rohde-schwarz.com/us/products/test-and-measurement/benchtop-analyzers/rs-fsva3000-signal-and-spectrum-analyzer_63493-601504.html}},
    title           = {{FSVA3044 spektrumanalizátor}},
    author          = {{Rohde \& Schwarz}},
}

@misc{FSQ,
    howpublished    = {\url{https://www.rohde-schwarz.com/us/products/test-and-measurement/signal-and-spectrum-analyzers/rs-fsq-signal-analyzer_63493-7994.html}},
    title           = {{FSQ spektrumanalizátor}},
    author          = {{Rohde \& Schwarz}},
}

@misc{Anritsu,
    howpublished    = {\url{https://www.anritsu.com/en-US/test-measurement/products/ms2692a}},
    title           = {{MS2692A típusú spektrumanalizátor}},
    author          = {{Anritsu}},
}

@misc{Keysight,
    howpublished    = {\url{https://www.keysight.com/us/en/product/E5071C/e5071c-ena-vector-network-analyzer.html}},
    title           = {{Keysight E5071C vektor-hálózatanalizátor.}},
    author          = {{Keysight Technologies}},
}

@misc{Jenkins,
    howpublished    = {\url{https://www.jenkins.io/}},
    title           = {{Honlap}},
    author          = {{Jenkins}},
}
